@book{gonccalves1979introduccao,
  title={Introdu{\c{c}}{\~a}o {\`a} {\'a}lgebra},
  author={Gon{\c{c}}alves, Adilson},
  year={1979},
  publisher={Impa}
}
@article{garcia2015elementos,
  title={Elementos de Algebra, 6a Edi{\c{c}}ao},
  author={Garcia, Arnaldo and Lequain, Yves},
  journal={Editora SBM},
  year={2015}
}
@article{domingues1982algebra,
  title={{\'A}lgebra moderna},
  author={Domingues, Hygino H and Iezzi, Gelson},
  journal={Atual Editora},
  pages={19},
  year={1982}
}
@book{herstein2006topics,
  title={Topics in algebra},
  author={Herstein, Israel N},
  year={2006},
  publisher={John Wiley \& Sons}
}
@book{rotman2012introduction,
  title={An introduction to the theory of groups},
  author={Rotman, Joseph J},
  volume={148},
  year={2012},
  publisher={Springer Science \& Business Media}
}
@book{rotman2000first,
  title={A first course in abstract algebra},
  author={Rotman, Joseph J},
  year={2000},
  publisher={Pearson College Division}
}
@article{lang2004algebra,
  title={Algebra, volume 211 of},
  author={Lang, Serge},
  journal={Graduate Texts in Mathematics},
  pages={29--30},
  year={2004}
}
@article{hungerford1980algebra,
  title={Algebra, volume 73 of},
  author={Hungerford, Thomas W},
  journal={Graduate Texts in Mathematics},
  year={1980}
}
