@book{brown2009complex,
  title={Complex variables and applications},
  author={Brown, James Ward and Churchill, Ruel Vance and others},
  year={2009},
  publisher={Boston: McGraw-Hill Higher Education}
}
@book{avila2008variaveis,
  title={Vari{\'a}veis complexas e aplica{\c{c}}{\~o}es},
  author={{\'A}vila, Geraldo},
  year={2008},
  publisher={LTC}
}
@book{lins1996funccoes,
  title={Fun{\c{c}}{\~o}es de uma vari{\'a}vel complexa},
  author={Lins Neto, Alcides},
  year={1996},
  publisher={Rio de Janeiro: SBM}
}
@book{fernandez2013introduccao,
  title={Introdu{\c{c}}{\~a}o {\`a}s fun{\c{c}}{\~o}es de uma vari{\'a}vel complexa},
  author={Fernandez, Cec{\'\i}lia S and Bernardes, Nilson C},
  year={2013},
  publisher={SBM}
}
@book{soares2012calculo,
  title={C{\'a}lculo em uma vari{\'a}vel complexa},
  author={Soares, Marcio Gomes},
  year={2012},
  publisher={Impa}
}
@book{lima2000curso,
  title={Curso de An{\'a}lise, volume 2, 6a. edi{\c{c}}{\~a}o},
  author={Lima, Elon Lages},
  year={2000},
  publisher={IMPA, Rio de Janeiro}
}
@book{guidorizzi2000curso2,
  title={Um curso de c{\'a}lculo, vol. 2.},
  author={Guidorizzi, Hamilton Luiz},
  year={2000},
  publisher={Grupo Gen-LTC}
}
@book{guidorizzi2000curso3,
  title={Um curso de c{\'a}lculo, vol. 3.},
  author={Guidorizzi, Hamilton Luiz},
  year={2000},
  publisher={Grupo Gen-LTC}
}
