@book{boldrini1980algebra,
  title={{\'A}lgebra Linear},
  author={Boldrini, Jos{\'e} Luiz and Costa, Sueli IR and Figueredo, VL and Wetzler, Henry G},
  year={1980},
  publisher={Harper \& Row}
}
@book{lages2009algebra,
  title={Algebra Linear},
  author={Lages, Elon},
  year={2009},
  publisher={IMPA, Rio de Janeiro}
}
@book{winterle1987algebra,
  title={{\'A}lgebra Linear},
  author={WINTERLE, Paulo and STEINBRUCH, Alfredo},
  year={1987},
  publisher={S{\~a}o Paulo: 2{\textordfeminine} ed. McGraw-Hill}
}
@book{bueno2006algebra,
  title={{\'A}lgebra Linear},
  author={Bueno, Hamilton Prado},
  year={2006},
  publisher={SBM}
}
@book{lang2012introduction,
  title={Introduction to Linear Algebra},
  author={Lang, Serge},
  year={2012},
  publisher={Springer Science \& Business Media}
}
@book{kolman1976introductory,
  title={Introductory Linear Algebra},
  author={Kolman, Bernard and Hill, David R},
  year={1976},
  publisher={Macmillan; London: Collier Macmillan}
}
@book{callioli2007algebra,
  title={{\'A}lgebra Linear e aplica{\c{c}}{\~o}es},
  author={Callioli, Carlos Alberto and Domingues, Hygino Hugueros and Costa, Roberto Celso Fabr{\'\i}cio},
  year={2007},
  publisher={Atual}
}
@book{hoffmanlinear,
  title={Linear Algebra},
  author={Hoffman, Kenneth and Kunze, Ray},
  year={1971},
  publisher={Englewood Cliffs, New Jersey}
}
